
@misc{saref,
  title        = {SAREF},
  howpublished = {\url{https://saref.etsi.org}}
}

@misc{saref4city,
  title        = {SAREF extension for smart cities},
  howpublished = {\url{https://saref.etsi.org/saref4city/v1.1.2/}}
}

@misc{saref4ener,
  title        = {SAREF extension for energy domain},
  howpublished = {\url{https://saref.etsi.org/saref4ener/v1.1.2/}}
}

@misc{saref4bldg,
  title        = {SAREF extension for building},
  howpublished = {\url{https://saref.etsi.org/saref4bldg/v1.1.2/}}
}

@article{OntoPowSys,
  title   = {OntoPowSys: A power system ontology for cross domain interactions in an eco industrial park},
  journal = {Energy and AI},
  volume  = {1},
  year    = {2020},
  doi     = {https://doi.org/10.1016/j.egyai.2020.100008},
  url     = {https://www.sciencedirect.com/science/article/pii/S2666546820300082},
  author  = {Aravind Devanand and Gourab Karmakar and Nenad Krdzavac and Rémy Rigo-Mariani and Y.S. {Foo Eddy} and Iftekhar A. Karimi and Markus Kraft}
}

@misc{OpenEnergyOntology,
  title        = {Open Energy Ontology},
  howpublished = {\url{https://openenergy-platform.org/ontology/}}
}

@article{OEO,
  title   = {Introducing the Open Energy Ontology: Enhancing data interpretation and interfacing in energy systems analysis},
  journal = {Energy and AI},
  volume  = {5},
  year    = {2021},
  doi     = {https://doi.org/10.1016/j.egyai.2021.100074},
  url     = {https://www.sciencedirect.com/science/article/pii/S2666546821000288},
  author  = {Meisam Booshehri and Lukas Emele and Simon Flügel and Hannah Förster and Johannes Frey and Ulrich Frey and Martin Glauer and Janna Hastings and Christian Hofmann and Carsten Hoyer-Klick and Ludwig Hülk and Anna Kleinau and Kevin Knosala and Leander Kotzur and Patrick Kuckertz and Till Mossakowski and Christoph Muschner and Fabian Neuhaus and Michaja Pehl and Martin Robinius and Vera Sehn and Mirjam Stappel}
}


@misc{EnergyStorageSystemOntology,
  title        = {Energy Storage Systems Ontology},
  howpublished = {\url{https://innoweb.mondragon.edu/ontologies/dabgeo/variant-domain/energystoragesystems/1.0/index-en.html}}
}

@article{emmo,
  author   = {Clark, Simon and Bleken, Francesca L. and Stier, Simon and Flores, Eibar and Andersen, Casper Welzel and Marcinek, Marek and Szczesna-Chrzan, Anna and Gaberscek, Miran and Palacin, M. Rosa and Uhrin, Martin and Friis, Jesper},
  title    = {Toward a Unified Description of Battery Data},
  journal  = {Advanced Energy Materials},
  volume   = {12},
  keywords = {batteries, battery passports, cheminformatics, interoperability, ontology, semantic web, standardization},
  doi      = {https://doi.org/10.1002/aenm.202102702},
  url      = {https://onlinelibrary.wiley.com/doi/abs/10.1002/aenm.202102702},
  year     = {2022}
}
